% This file was created with Citavi 6.0.0.2

@misc{l293d,
 author = {{Texas Instruments Incorporated}},
 year = {2016},
 title = {L293x Quadruple Half-H Drivers},
 url = {http://www.ti.com/lit/ds/symlink/l293.pdf},
 lastchecked = {19.08.2018}
}

@article{Diadreh,
	author = {{Brinksmeier, E.},{Riemer, O.},{Gläbe, R.},{Koerdt, M.},{Kibben, S.},{Meier, A.}},
	title = {Diamantdrehen diffraktiver Mikrostrukturen},
	journaltitle = {wt Werkstatttechnik online Jahrgang 102 H. 6},
	year = {2012},
	pages = {390-395},
}

@paper{oberflaechen,
	author = {{Glaebe, R.},{Schönemann, L.},{Riemer, O.}},
	title = {Herstellung funktionaler Oberflächenstrukturen mit Diamantwerkzeugen},
	date = {28.10.2009},
	year = {2009}
}

@misc{retro,
	author = {{Schönemann, L.},{Riemer, O.},{Brinksmeier, E.}},
	year = {2014},
	title = {Mikroschneiden von miniaturisiertern Retroreflektoren},
}
